<?xml version="1.0" encoding="UTF-8"?><collection xmlns="http://www.loc.gov/MARC21/slim"><record><leader>00445nam--2200121-i-4500</leader><controlfield tag="001">000037889</controlfield><controlfield tag="002">20161230</controlfield><controlfield tag="005">20161230201041</controlfield><controlfield tag="008">060222s1000------------r-----000-0-eng-d</controlfield><datafield ind1=" " ind2=" " tag="080"><subfield code="a">001.818:061.6</subfield></datafield><datafield ind1=" " ind2=" " tag="245"><subfield code="a">Huitieme rapport annuel du comite aux memebres de l`association suisse pour l`energie atomique pour la periode du 1-er janvier au 31 decembre 1966</subfield></datafield><datafield ind1=" " ind2=" " tag="260"><subfield code="a">/Zurich/, Association  Suisse Pour L`Energie Atomique, 1966, 55p</subfield></datafield><datafield ind1=" " ind2=" " tag="852"><subfield code="a">25777</subfield></datafield></record></collection>